
@article{brown_class-based_ngrams_1992,
	title = {Class-based n-gram models of natural language},
	volume = {18},
	number = {4},
	journal = {Computational linguistics},
	author = {Brown, P. F. and Desouza, P. V. and Mercer, R. L. and Pietra, V. J. D. and Lai, J. C.},
	year = {1992},
	pages = {467â€“479},
	file = {[PDF] from upenn.edu:files/51/Brown et al. - 1992 - Class-based n-gram models of natural language.pdf:application/pdf;Snapshot:files/52/citation.html:text/html}
}