
@misc{_all_????,
	title = {All Our N-gram are Belong to You {\textbar} Research Blog},
	url = {http://googleresearch.blogspot.com/2006/08/all-our-n-gram-are-belong-to-you.html},
	howpublished = {http://googleresearch.blogspot.com/2006/08/all-our-n-gram-are-belong-to-you.html},
	file = {All Our N-gram are Belong to You | Research Blog:files/99/all-our-n-gram-are-belong-to-you.html:text/html}
},

@misc{_n-grams:_????,
	title = {N-grams: corpus based {(COCA}, {COHA}, Spanish, Portuguese)},
	url = {http://www.ngrams.info/},
	howpublished = {http://www.ngrams.info/},
	file = {N-grams: corpus based (COCA, COHA, Spanish, Portuguese):files/101/www.ngrams.info.html:text/html}
},

@misc{_corpus-based_????,
	title = {Corpus-based word frequency lists, collocates, and n-grams},
	url = {http://www.wordfrequency.info/comparison.asp},
	howpublished = {http://www.wordfrequency.info/comparison.asp},
	file = {Corpus-based word frequency lists, collocates, and n-grams:files/103/comparison.html:text/html}
}