
@article{mondegreenOriginRef,
	title = {The death of Lady Mondegreen},
	volume = {209},
	number = {1254},
	journal = {Harper’s Magazine},
	author = {Wright, S.},
	year = {1954},
	pages = {48–51}
}