
@misc{redditAssistance,
	title = {Dear {R/Assistance}, I'm about to finish my master's thesis, but I need your help! (tasks are online; I'm in San Luis Obispo, {CA).} : Assistance},
	url = {http://www.reddit.com/r/Assistance/comments/ubty1/dear_rassistance_im_about_to_finish_my_masters/},
	howpublished = {{http://www.reddit.com/r/Assistance/comments/ubty1/dear\_rassistance\_im\_about\_to\_finish\_my\_masters/}},
	file = {Dear R/Assistance, I'm about to finish my master's thesis, but I need your help! (tasks are online; I'm in San Luis Obispo, CA). : Assistance:/Users/admin/Library/Application Support/Firefox/Profiles/8hfhhid2.default/zotero/storage/EPTB7ZPK/dear_rassistance_im_about_to_finish_my_masters.html:text/html}
},

@misc{redditRecordThis,
	title = {Dear {RecordThis:} I'm finishing up my masters thesis, and I need your help! : recordthis},
	url = {http://www.reddit.com/r/recordthis/comments/ubt9f/dear_recordthis_im_finishing_up_my_masters_thesis/},
	howpublished = {http://www.reddit.com/r/recordthis/comments/ubt9f/dear\_recordthis\_im\_finishing\_up\_my\_masters\_thesis/},
	file = {Dear RecordThis: I'm finishing up my masters thesis, and I need your help! : recordthis:/Users/admin/Library/Application Support/Firefox/Profiles/8hfhhid2.default/zotero/storage/8WQQUA6R/dear_recordthis_im_finishing_up_my_masters_thesis.html:text/html}
}