
@misc{_knights_emic.gif_????,
	title = {knights\_emic.gif {(GIF} Image, 552 × 407 pixels) - Scaled (0\%)},
	url = {http://specgram.com/CLIII.1/knights_emic.gif},
	file = {knights_emic.gif (GIF Image, 552 × 407 pixels) - Scaled (0%):files/49/knights_emic.gif:image/gif}
},

@misc{_knights_phonetic.jpg_????,
	title = {knights\_phonetic.jpg {(JPEG} Image, 552 × 407 pixels) - Scaled (0\%)},
	url = {http://specgram.com/CLIII.1/knights_etic.jpg},
	file = {knights_etic.jpg (JPEG Image, 552 × 407 pixels) - Scaled (0%):files/47/knights_etic.jpg:image/jpeg}
}