
@misc{gladlyTheCrossRef,
	title = {Keep Thou My Way, Hymnlyrics.org},
	url = {http://www.hymnlyrics.org/newlyrics_k/keep_thou_my_way.php},
	howpublished = {http://www.hymnlyrics.org/newlyrics\_k/keep\_thou\_my\_way.php},
	file = {Keep Thou My Way, Hymnlyrics.org:files/90/keep_thou_my_way.html:text/html}
}