
@misc{badMoonRisingRef,
	title = {Bad Moon Rising},
	author = {Creedence Clearwater Revival},
	month = apr,
	year = {1969}
},

@misc{purpleHazeRef,
	title = {Purple Haze},
	author = {Hendrix, Jimi},
	month = jun,
	year = {1967}
},

@misc{groovinRef,
	title = {Groovin'},
	author = {The Young Rascals},
	month = apr,
	year = {1967}
}