
@misc{davies_word_2011,
	title = {Word frequency data from the Corpus of Contemporary American English {(COCA).}},
	url = {http://www.wordfrequency.info},
	author = {Davies, Mark},
	year = {2011}
}