
@misc{_file:general_????,
	title = {{File:General} American.png - Wikipedia, the free encyclopedia},
	url = {http://en.wikipedia.org/wiki/File:General_American.png},
	howpublished = {{http://en.wikipedia.org/wiki/File:General\_American.png}},
	file = {File:General American.png - Wikipedia, the free encyclopedia:files/66/FileGeneral_American.html:text/html}
}