
@misc{dictionaryDotComOrthography,
	title = {Orthography {\textbar} Define Orthography at Dictionary.com},
	url = {http://dictionary.reference.com/browse/orthography},
	howpublished = {http://dictionary.reference.com/browse/orthography},
	file = {Orthography | Define Orthography at Dictionary.com:files/76/orthography.html:text/html}
},

@misc{dictionaryDotComMondegreen,
	title = {Mondegreen {\textbar} Define Mondegreen at Dictionary.com},
	url = {http://dictionary.reference.com/browse/mondegreen?s=t},
	howpublished = {http://dictionary.reference.com/browse/mondegreen?s=t},
	file = {Mondegreen | Define Mondegreen at Dictionary.com:files/84/mondegreen.html:text/html}
}