
@misc{_lcstar_????,
	title = {{LCStar} Project Web -- Schedule},
	url = {http://www.lc-star.com/schedule.htm},
	howpublished = {http://www.lc-star.com/schedule.htm},
	file = {Project Web -- Schedule:files/72/schedule.html:text/html}
},

@misc{_cmu_????,
	title = {The {CMU} Pronouncing Dictionary},
	url = {http://www.speech.cs.cmu.edu/cgi-bin/cmudict},
	howpublished = {http://www.speech.cs.cmu.edu/cgi-bin/cmudict},
	file = {The CMU Pronouncing Dictionary:files/70/cmudict.html:text/html}
},

@inproceedings{polyakova_fusion_2007,
	title = {Fusion of dictionaries in voice creation and speech synthesis task},
	booktitle = {Proc. of {SPECOM}},
	author = {Polyakova, T. and Bonafonte, A.},
	year = {2007},
	file = {[PDF] from upc.edu:files/74/Polyakova and Bonafonte - 2007 - Fusion of dictionaries in voice creation and speec.pdf:application/pdf}
},

@misc{_[pdf]_????,
	title = {{[PDF]} from upc.edu},
	url = {http://nlp.lsi.upc.edu/papers/polyakova07.pdf}
},

@misc{_unisyn_????,
	title = {Unisyn Lexicon},
	url = {http://www.cstr.ed.ac.uk/projects/unisyn/},
	howpublished = {http://www.cstr.ed.ac.uk/projects/unisyn/},
	file = {Unisyn Lexicon:files/68/unisyn.html:text/html}
}