
@misc{_1_2012,
	title = {(1) {"Rolling} in the Deep" cover, Front Porch Band},
	url = {https://www.facebook.com/photo.php?v=10100434615129655&set=o.158068010885235&type=3&theater},
	abstract = {A band member asked the audience to sing along with their cover of Adele's {"Rolling} in the deep".  You can hear when people start to drop out around the lines "fever pitch", indicating that they no longer know the words.},
	month = jan,
	year = {2012},
	file = {(1) "Rolling in the Deep" cover, Front Porch Band:files/94/photo.html:text/html}
}