
@misc{dictionaryOronymDef,
	title = {oronym - definition and meaning},
	url = {http://www.wordnik.com/words/oronym},
	howpublished = {http://www.wordnik.com/words/oronym},
	file = {oronym - definition and meaning:files/92/oronym.html:text/html}
}